@book{1,
  title="Pattern Recognition and Machine Learning (Information Science and Statistics)",
  author="Christopher M. Bishop",
  year="2006",
  publisher="Springer"
}
